@article{knuth84,
  author = {Knuth, Donald E.},
  title = {Literate Programming},
  year = {1984},
  issue_date = {May 1984},
  publisher = {Oxford University Press, Inc.},
  address = {USA},
  volume = {27},
  number = {2},
  issn = {0010-4620},
  url = {https://doi.org/10.1093/comjnl/27.2.97},
  doi = {10.1093/comjnl/27.2.97},
  journal = {Comput. J.},
  month = may,
  pages = {97â€“111},
  numpages = {15}
}

@Article{gruber2018,
    author = {Bernd Gruber and Peter J Unmack and Oliver F Berry and Arthur Georges},
    doi = {10.1111/1755-0998.12745},
    journal = {Molecular Ecology Resources},
    keywords = {bioinformatics,next-generation-sequencing, phylogenomics,SNPs, population genomics, R pacakge, RADSeq},
    pages = {691--699},
    title = { dartr: An r package to facilitate analysis of SNP data generated from reduced representation genome sequencing},
    volume = {18},
    year = {2018},
    doi = {10.1111/1755-0998.12745}
  }

  Mijangos, J. L., Gruber, B., Berry, O., Pacioni,
  C., & Georges, A. (2022). dartR v2: An accessible
  genetic analysis platform for conservation, ecology
  and agriculture. Methods in Ecology and Evolution,
  (early access).
  https://doi.org/10.1111/2041-210X.13918


  @Article{mijangos2022,
    title = {{dartR v2}: An accessible genetic analysis platform for conservation, ecology and agriculture},
    author = {Jose Luis Mijangos and Bernd Gruber and Oliver F Berry and Carlo Pacioni and Arthur Georges},
    journal = {Methods in Ecology and Evolution},
    year = {2022},
    doi = {10.1111/2041-210X.13918}
  }

 @Article{jombart2015,
    title = {adegenet 1.3-1: new tools for the analysis of genome-wide SNP data},
    journal = {Bioinformatics},
    year = {2011},
    author = {T. Jombart and I. Ahmed},
    doi = {10.1093/bioinformatics/btr521}
}
